@book{hartley2003multiple,
  title={Multiple view geometry in computer vision},
  author={Hartley, Richard and Zisserman, Andrew},
  year={2003},
  publisher={Cambridge university press}
}	
	

@Misc{Stanley,
	author = {Stanley Birchfield},
	title = {Essential and fundamental matrices },
	year = {1998},
	howpublished={\url{http://robotics.stanford.edu/~birch/projective/node20.html}},
	note={Acessado em 28-05-2018},
	
}



@Misc{reti,
	author = { Andrea Fusiello },
	title = {Tutorial on Rectification of Stereo Images },
	year = {1998},
	howpublished={\url{http://homepages.inf.ed.ac.uk/rbf/CVonline/LOCAL_COPIES/FUSIELLO/tutorial.html}},
	note={Acessado em 28-05-2018},
	
}


@Misc{wiki,
	author = {Wikipedia},
	title = {Image rectification},
	year = {2018},
	howpublished={\url{https://en.wikipedia.org/wiki/Image_rectification}},
	note={Acessado em 28-05-2018},
	
}