	
	

@Misc{Matlab,
	author = {Mathworks},
	title = {What Is Camera Calibration?},
	year = {2018},
	howpublished={\url{https://www.mathworks.com/help/vision/ug/camera-calibration.html}},
	note={Acessado em 02-06-2018},
	
}


@Misc{Trab,
	author = {James Tompkin},
	title = {Camera Calibration and Fundamental
	Matrix Estimation with RANSAC},
	year = {2017},
	howpublished={\url{http://cs.brown.edu/courses/cs143/proj5a/}},
	note={Acessado em 02-06-2018},
	
}


@Misc{Ransac,
	author = {Mathworks},
	title = {Using RANSAC for estimating geometric transforms in computer vision},
	year = {2018},
	howpublished={\url{https://www.mathworks.com/discovery/ransac.html}},
	note={Acessado em 02-06-2018},
	
}

