@INPROCEEDINGS{William,
	author={WILLIAM ROBSON SCHWARTZ and HÉLIO P EDRINI},
	title={Aspectos Teóricos das Transformadas de Imagens},
	year={2003},
	pages={1-8},
}
	
	
@Misc{hibrid,
	author = {Bruno Marinho de Sousa and Leonardo Gomes Bernardino and Rui de Moraes Jr.},
	title = { Ilusões de imagens híbridas },
	year = {2010},
	howpublished={\url{http://www.blogpercepto.com/2010/11/ilusoes-de-imagens-hibridas.html}},
	note={Acessado em 03-04-2018},
	
}