	
	
@Misc{hist,
	author = {engcar},
	title = {O Histograma de uma Imagem},
	year = {2018},
	howpublished={\url{http://www.ufrgs.br/engcart/PDASR/hist.html}},
	note={Acessado em 16-05-2018},
	
}

@Misc{wiki,
	author = {Wikipedia},
	title = {Histogram matching},
	year = {2018},
	howpublished={\url{https://en.wikipedia.org/wiki/Histogram_matching}},
	note={Acessado em 16-05-2018},
	
}


@Misc{simulated,
	author = {Anja Pratschke and Jorge Marques Pelizzoni},
	title = {Simulated Annealing},
	year = {1999},
	howpublished={\url{http://conteudo.icmc.usp.br/pessoas/sandra/G9_t2/annealing.htm}},
	note={Acessado em 16-05-2018},
		
	
}